<record><leader>00000cas a22000007a 4500</leader><controlfield tag="001">39266621</controlfield><controlfield tag="008">980610d19851987cauer ne      0    0eng d</controlfield><datafield ind1=" " ind2=" " tag="010"><subfield code="a">sn 98061620 </subfield></datafield><datafield ind1=" " ind2=" " tag="040"><subfield code="a">CNK</subfield><subfield code="b">eng</subfield><subfield code="c">CNK</subfield><subfield code="d">OCLCQ</subfield><subfield code="d">OCLCF</subfield><subfield code="d">OCLCO</subfield></datafield><datafield ind1="1" ind2=" " tag="029"><subfield code="a">AU@</subfield><subfield code="b">000014018140</subfield></datafield><datafield ind1=" " ind2=" " tag="042"><subfield code="a">msc</subfield></datafield><datafield ind1=" " ind2=" " tag="043"><subfield code="a">n-us-ca</subfield></datafield><datafield ind1="0" ind2="0" tag="245"><subfield code="a">Calistoga centennial express.</subfield></datafield><datafield ind1="3" ind2=" " tag="246"><subfield code="a">Calistoga express</subfield></datafield><datafield ind1=" " ind2=" " tag="260"><subfield code="a">Calistoga, CA. :</subfield><subfield code="b">Marvin Braun</subfield></datafield><datafield ind1=" " ind2=" " tag="300"><subfield code="a">v.</subfield></datafield><datafield ind1=" " ind2=" " tag="310"><subfield code="a">Biweekly</subfield></datafield><datafield ind1="0" ind2=" " tag="362"><subfield code="a">Vol. 1, no. 1 (Oct. 18, 1985)-v. 3, no. 20 (Oct. 24, 1987).</subfield></datafield><datafield ind1=" " ind2=" " tag="500"><subfield code="a">"Centennial" appears in small print between "Calistoga" and "Express."</subfield></datafield><datafield ind1=" " ind2="0" tag="651"><subfield code="a">Calistoga (Calif.)</subfield><subfield code="v">Newspapers.</subfield></datafield><datafield ind1=" " ind2="7" tag="655"><subfield code="a">Newspapers.</subfield><subfield code="2">fast</subfield><subfield code="0">(OCoLC)fst01423814</subfield></datafield><datafield ind1=" " ind2="7" tag="651"><subfield code="a">California</subfield><subfield code="z">Calistoga.</subfield><subfield code="2">fast</subfield><subfield code="0">(OCoLC)fst01218716</subfield></datafield><datafield ind1=" " ind2=" " tag="752"><subfield code="a">United States</subfield><subfield code="b">California</subfield><subfield code="c">Napa</subfield><subfield code="d">Calistoga.</subfield></datafield></record>